@article{Morano2021-ak,
  title    = {Management of acute traumatic brain injury and acute spinal cord
              injury},
  author   = {Morano, Jacqueline M and Morano, Michael J and Wagner, Nicole E
              and Stombaugh, D Keegan},
  journal  = {Int. Anesthesiol. Clin.},
  volume   = 59,
  number   = 2,
  pages    = {17--24},
  month    = apr,
  year     = 2021,
  language = {en}
}


@misc{kaggle,
  title        = {{RSNA} 2022 Cervical Spine Fracture Detection},
  abstract     = {Identify cervical fractures from scans},
  howpublished = {\url{https://kaggle.com/competitions/rsna-2022-cervical-spine-fracture-detection}},
  note         = {Accessed: 2022-10-21},
  year         = {2022},
  month        = {July},
  language     = {en}
}


@article{munera2012,
  author  = {Felipe Munera and Luis A. Rivas and Dieog B. Nunez and Jr. Robert M. Quencer},
  journal = {Radiology},
  number  = {3},
  title   = {Imaging Evaluation of Adult Spinal Injuries: Emphasis on Multidetector CT in Cervical Spine Trauma},
  volume  = {263},
  year    = {2012}
}

@techreport{NSCISC2019,
  author      = {National Spinal Cord Injury Statistical Center},
  institution = {University of Alabama at Birmingham},
  title       = {Spinal Cord Injury Facts and Figures at a Glance},
  year        = {2019}
}
